<?xml version="1.0" encoding="UTF-8" standalone="yes"?>
<Document xmlns="urn:iso:std:iso:20022:tech:xsd:pain.001.001.06">
    <CstmrCdtTrfInitn>
        <GrpHdr>
            <MsgId>12345</MsgId>
            <CreDtTm>2018-11-20T11:05:46</CreDtTm>
            <NbOfTxs>3</NbOfTxs>
            <CtrlSum>233.44</CtrlSum>
            <InitgPty>
                <Nm>Hans Mustermann</Nm>
            </InitgPty>
        </GrpHdr>
        <PmtInf>
            <PmtInfId>12345</PmtInfId>
            <PmtMtd>TRF</PmtMtd>
            <BtchBookg>true</BtchBookg>
            <NbOfTxs>3</NbOfTxs>
            <CtrlSum>233.44</CtrlSum>
            <PmtTpInf>
                <SvcLvl>
                    <Cd>SEPA</Cd>
                </SvcLvl>
            </PmtTpInf>
            <ReqdExctnDt>2018-12-04</ReqdExctnDt>
            <Dbtr>
                <Nm>Hans Mustermann</Nm>
            </Dbtr>
            <DbtrAcct>
                <Id>
                    <IBAN>DE89370400440532013000</IBAN>
                </Id>
            </DbtrAcct>
            <DbtrAgt>
                <FinInstnId>
                    <BICFI>MALADE51NWD</BICFI>
                </FinInstnId>
            </DbtrAgt>
            <ChrgBr>SLEV</ChrgBr>
            <CdtTrfTxInf>
                <PmtId>
                    <EndToEndId>NOTPROVIDED</EndToEndId>
                </PmtId>
                <Amt>
                    <InstdAmt Ccy="EUR">123.45</InstdAmt>
                </Amt>
                <CdtrAgt>
                    <FinInstnId>
                        <BICFI>MALADE51NWD</BICFI>
                    </FinInstnId>
                </CdtrAgt>
                <Cdtr>
                    <Nm>Arme Wurst</Nm>
                </Cdtr>
                <CdtrAcct>
                    <Id>
                        <IBAN>DE89370400440532013000</IBAN>
                    </Id>
                </CdtrAcct>
                <RmtInf/>
            </CdtTrfTxInf>
            <CdtTrfTxInf>
                <PmtId>
                    <EndToEndId>NOTPROVIDED</EndToEndId>
                </PmtId>
                <Amt>
                    <InstdAmt Ccy="EUR">99.99</InstdAmt>
                </Amt>
                <CdtrAgt>
                    <FinInstnId>
                        <BICFI>MALADE51NWD</BICFI>
                    </FinInstnId>
                </CdtrAgt>
                <Cdtr>
                    <Nm>Arme Wurst2</Nm>
                </Cdtr>
                <CdtrAcct>
                    <Id>
                        <IBAN>DE89370400440532013000</IBAN>
                    </Id>
                </CdtrAcct>
                <RmtInf/>
            </CdtTrfTxInf>
            <CdtTrfTxInf>
                <PmtId>
                    <EndToEndId>NOTPROVIDED</EndToEndId>
                </PmtId>
                <Amt>
                    <InstdAmt Ccy="EUR">10.00</InstdAmt>
                </Amt>
                <CdtrAgt>
                    <FinInstnId>
                        <BICFI>MALADE51NWD</BICFI>
                    </FinInstnId>
                </CdtrAgt>
                <Cdtr>
                    <Nm>Loooooong Loooooong Loooooong Loooooong Loooooong Loooooong Loooooong </Nm>
                </Cdtr>
                <CdtrAcct>
                    <Id>
                        <IBAN>DE89370400440532013000</IBAN>
                    </Id>
                </CdtrAcct>
                <RmtInf/>
            </CdtTrfTxInf>
        </PmtInf>
    </CstmrCdtTrfInitn>
</Document>
